
@online{nurul_qomariyah_definition_nodate,
	title = {Definition and History of Recommender Systems},
	rights = {All rights reserved},
	url = {https://international.binus.ac.id/computer-science/2020/11/03/definition-and-history-of-recommender-systems/},
	titleaddon = {{BINUS} {INTERNATIONAL} {\textbar} Computer Science},
	author = {Nurul Qomariyah, Nunung},
	urldate = {2023-05-16},
}
